@Book{lamport1994,
author = {Leslie Lamport},
title = {LaTeX: A document preparation system, User's guide and reference manual},
publisher = {Addison-Wesley Professional},
year = {1994},
edition = {2nd},
}

@article{oetiker2001not,
  title={The not so short introduction to LATEX 2$\varepsilon$},
  author={Oetiker, Tobias and Partl, Hubert and Hyna, Irene and Schlegl, Elisabeth},
  year={2001}
}

@article{kopka1995guide,
  title={A Guide to $\{$$\backslash$LaTeX$\}$--Document},
  author={Kopka, H and Daly, PW},
  year={1995},
  publisher={Citeseer}
}

@Manual{ltxprimer,
title = {\LaTeX\ Tutorials -- A Primer},
organization = {Indian \TeX Users Group}
}
